%YAML 1.1
%TAG !u! tag:unity3d.com,2011:
--- !u!1 &791744152
GameObject:
  m_ObjectHideFlags: 0
  m_CorrespondingSourceObject: {fileID: 0}
  m_PrefabInstance: {fileID: 0}
  m_PrefabAsset: {fileID: 0}
  serializedVersion: 6
  m_Component:
  - component: {fileID: 791744153}
  - component: {fileID: 791744156}
  - component: {fileID: 791744155}
  - component: {fileID: 791744154}
  m_Layer: 0
  m_Name: Table
  m_TagString: Untagged
  m_Icon: {fileID: 0}
  m_NavMeshLayer: 0
  m_StaticEditorFlags: 0
  m_IsActive: 1
--- !u!4 &791744153
Transform:
  m_ObjectHideFlags: 0
  m_CorrespondingSourceObject: {fileID: 0}
  m_PrefabInstance: {fileID: 0}
  m_PrefabAsset: {fileID: 0}
  m_GameObject: {fileID: 791744152}
  m_LocalRotation: {x: -0, y: -0.45229942, z: -0, w: 0.8918662}
  m_LocalPosition: {x: 6.3370004, y: 0.15, z: -2.4759989}
  m_LocalScale: {x: 3.1895, y: 1, z: 1.5177}
  m_Children: []
  m_Father: {fileID: 414072815108022095}
  m_RootOrder: 1
  m_LocalEulerAnglesHint: {x: 0, y: -53.783, z: 0}
--- !u!33 &791744156
MeshFilter:
  m_ObjectHideFlags: 0
  m_CorrespondingSourceObject: {fileID: 0}
  m_PrefabInstance: {fileID: 0}
  m_PrefabAsset: {fileID: 0}
  m_GameObject: {fileID: 791744152}
  m_Mesh: {fileID: 10202, guid: 0000000000000000e000000000000000, type: 0}
--- !u!23 &791744155
MeshRenderer:
  m_ObjectHideFlags: 0
  m_CorrespondingSourceObject: {fileID: 0}
  m_PrefabInstance: {fileID: 0}
  m_PrefabAsset: {fileID: 0}
  m_GameObject: {fileID: 791744152}
  m_Enabled: 1
  m_CastShadows: 1
  m_ReceiveShadows: 1
  m_DynamicOccludee: 1
  m_MotionVectors: 1
  m_LightProbeUsage: 1
  m_ReflectionProbeUsage: 1
  m_RenderingLayerMask: 1
  m_RendererPriority: 0
  m_Materials:
  - {fileID: 10303, guid: 0000000000000000f000000000000000, type: 0}
  m_StaticBatchInfo:
    firstSubMesh: 0
    subMeshCount: 0
  m_StaticBatchRoot: {fileID: 0}
  m_ProbeAnchor: {fileID: 0}
  m_LightProbeVolumeOverride: {fileID: 0}
  m_ScaleInLightmap: 1
  m_ReceiveGI: 1
  m_PreserveUVs: 0
  m_IgnoreNormalsForChartDetection: 0
  m_ImportantGI: 0
  m_StitchLightmapSeams: 1
  m_SelectedEditorRenderState: 3
  m_MinimumChartSize: 4
  m_AutoUVMaxDistance: 0.5
  m_AutoUVMaxAngle: 89
  m_LightmapParameters: {fileID: 0}
  m_SortingLayerID: 0
  m_SortingLayer: 0
  m_SortingOrder: 0
--- !u!65 &791744154
BoxCollider:
  m_ObjectHideFlags: 0
  m_CorrespondingSourceObject: {fileID: 0}
  m_PrefabInstance: {fileID: 0}
  m_PrefabAsset: {fileID: 0}
  m_GameObject: {fileID: 791744152}
  m_Material: {fileID: 0}
  m_IsTrigger: 0
  m_Enabled: 1
  serializedVersion: 2
  m_Size: {x: 1, y: 1, z: 1}
  m_Center: {x: 0, y: 0, z: 0}
--- !u!1 &1169601269
GameObject:
  m_ObjectHideFlags: 0
  m_CorrespondingSourceObject: {fileID: 0}
  m_PrefabInstance: {fileID: 0}
  m_PrefabAsset: {fileID: 0}
  serializedVersion: 6
  m_Component:
  - component: {fileID: 1169601270}
  - component: {fileID: 1169601273}
  - component: {fileID: 1169601272}
  - component: {fileID: 1169601271}
  m_Layer: 0
  m_Name: Boxes
  m_TagString: Untagged
  m_Icon: {fileID: 0}
  m_NavMeshLayer: 0
  m_StaticEditorFlags: 0
  m_IsActive: 1
--- !u!4 &1169601270
Transform:
  m_ObjectHideFlags: 0
  m_CorrespondingSourceObject: {fileID: 0}
  m_PrefabInstance: {fileID: 0}
  m_PrefabAsset: {fileID: 0}
  m_GameObject: {fileID: 1169601269}
  m_LocalRotation: {x: 0, y: 0, z: 0, w: 1}
  m_LocalPosition: {x: -1.3, y: 0.6, z: -4.11}
  m_LocalScale: {x: 3.5, y: 1.2, z: 2.6}
  m_Children: []
  m_Father: {fileID: 414072815108022095}
  m_RootOrder: 2
  m_LocalEulerAnglesHint: {x: 0, y: 0, z: 0}
--- !u!33 &1169601273
MeshFilter:
  m_ObjectHideFlags: 0
  m_CorrespondingSourceObject: {fileID: 0}
  m_PrefabInstance: {fileID: 0}
  m_PrefabAsset: {fileID: 0}
  m_GameObject: {fileID: 1169601269}
  m_Mesh: {fileID: 10202, guid: 0000000000000000e000000000000000, type: 0}
--- !u!23 &1169601272
MeshRenderer:
  m_ObjectHideFlags: 0
  m_CorrespondingSourceObject: {fileID: 0}
  m_PrefabInstance: {fileID: 0}
  m_PrefabAsset: {fileID: 0}
  m_GameObject: {fileID: 1169601269}
  m_Enabled: 1
  m_CastShadows: 1
  m_ReceiveShadows: 1
  m_DynamicOccludee: 1
  m_MotionVectors: 1
  m_LightProbeUsage: 1
  m_ReflectionProbeUsage: 1
  m_RenderingLayerMask: 1
  m_RendererPriority: 0
  m_Materials:
  - {fileID: 10303, guid: 0000000000000000f000000000000000, type: 0}
  m_StaticBatchInfo:
    firstSubMesh: 0
    subMeshCount: 0
  m_StaticBatchRoot: {fileID: 0}
  m_ProbeAnchor: {fileID: 0}
  m_LightProbeVolumeOverride: {fileID: 0}
  m_ScaleInLightmap: 1
  m_ReceiveGI: 1
  m_PreserveUVs: 0
  m_IgnoreNormalsForChartDetection: 0
  m_ImportantGI: 0
  m_StitchLightmapSeams: 1
  m_SelectedEditorRenderState: 3
  m_MinimumChartSize: 4
  m_AutoUVMaxDistance: 0.5
  m_AutoUVMaxAngle: 89
  m_LightmapParameters: {fileID: 0}
  m_SortingLayerID: 0
  m_SortingLayer: 0
  m_SortingOrder: 0
--- !u!65 &1169601271
BoxCollider:
  m_ObjectHideFlags: 0
  m_CorrespondingSourceObject: {fileID: 0}
  m_PrefabInstance: {fileID: 0}
  m_PrefabAsset: {fileID: 0}
  m_GameObject: {fileID: 1169601269}
  m_Material: {fileID: 0}
  m_IsTrigger: 0
  m_Enabled: 1
  serializedVersion: 2
  m_Size: {x: 1, y: 1, z: 1}
  m_Center: {x: 0, y: 0, z: 0}
--- !u!1 &414072815108022097
GameObject:
  m_ObjectHideFlags: 0
  m_CorrespondingSourceObject: {fileID: 0}
  m_PrefabInstance: {fileID: 0}
  m_PrefabAsset: {fileID: 0}
  serializedVersion: 6
  m_Component:
  - component: {fileID: 414072815108022095}
  - component: {fileID: 414072815108022096}
  - component: {fileID: 414072815108022094}
  m_Layer: 0
  m_Name: Tutorial
  m_TagString: Tutorial
  m_Icon: {fileID: 0}
  m_NavMeshLayer: 0
  m_StaticEditorFlags: 0
  m_IsActive: 1
--- !u!4 &414072815108022095
Transform:
  m_ObjectHideFlags: 0
  m_CorrespondingSourceObject: {fileID: 0}
  m_PrefabInstance: {fileID: 0}
  m_PrefabAsset: {fileID: 0}
  m_GameObject: {fileID: 414072815108022097}
  m_LocalRotation: {x: 0, y: 0, z: 0, w: 1}
  m_LocalPosition: {x: 0, y: 0, z: -30.41}
  m_LocalScale: {x: 1, y: 1, z: 1}
  m_Children:
  - {fileID: 1885331855872196323}
  - {fileID: 791744153}
  - {fileID: 1169601270}
  - {fileID: 364349392670939527}
  - {fileID: 1924769138570311087}
  - {fileID: 3199243410222441379}
  - {fileID: 145677716153092450}
  - {fileID: 682473660617850577}
  m_Father: {fileID: 0}
  m_RootOrder: 0
  m_LocalEulerAnglesHint: {x: 0, y: 0, z: 0}
--- !u!114 &414072815108022096
MonoBehaviour:
  m_ObjectHideFlags: 0
  m_CorrespondingSourceObject: {fileID: 0}
  m_PrefabInstance: {fileID: 0}
  m_PrefabAsset: {fileID: 0}
  m_GameObject: {fileID: 414072815108022097}
  m_Enabled: 1
  m_EditorHideFlags: 0
  m_Script: {fileID: 11500000, guid: 32210606d2a338a4bb08509b8511d2c4, type: 3}
  m_Name: 
  m_EditorClassIdentifier: 
--- !u!65 &414072815108022094
BoxCollider:
  m_ObjectHideFlags: 0
  m_CorrespondingSourceObject: {fileID: 0}
  m_PrefabInstance: {fileID: 0}
  m_PrefabAsset: {fileID: 0}
  m_GameObject: {fileID: 414072815108022097}
  m_Material: {fileID: 0}
  m_IsTrigger: 1
  m_Enabled: 1
  serializedVersion: 2
  m_Size: {x: 3.97, y: 4, z: 1.2488117}
  m_Center: {x: 0, y: 0, z: 9.386283}
--- !u!95 &580090316
Animator:
  serializedVersion: 3
  m_ObjectHideFlags: 0
  m_CorrespondingSourceObject: {fileID: 0}
  m_PrefabInstance: {fileID: 0}
  m_PrefabAsset: {fileID: 0}
  m_GameObject: {fileID: 563972870304949184}
  m_Enabled: 1
  m_Avatar: {fileID: 0}
  m_Controller: {fileID: 9100000, guid: f466181ff3fe9ee4abf31bfe5ea740ff, type: 2}
  m_CullingMode: 0
  m_UpdateMode: 0
  m_ApplyRootMotion: 0
  m_LinearVelocityBlending: 0
  m_WarningMessage: 
  m_HasTransformHierarchy: 1
  m_AllowConstantClipSamplingOptimization: 1
  m_KeepAnimatorControllerStateOnDisable: 0
--- !u!135 &1885331856818527176
SphereCollider:
  m_ObjectHideFlags: 0
  m_CorrespondingSourceObject: {fileID: 0}
  m_PrefabInstance: {fileID: 0}
  m_PrefabAsset: {fileID: 0}
  m_GameObject: {fileID: 3898923826320811131}
  m_Material: {fileID: 0}
  m_IsTrigger: 1
  m_Enabled: 1
  serializedVersion: 2
  m_Radius: 0.00008
  m_Center: {x: 0.0000005354868, y: 0.0000001976658, z: 0.0000024999997}
--- !u!114 &1885331856818527175
MonoBehaviour:
  m_ObjectHideFlags: 0
  m_CorrespondingSourceObject: {fileID: 0}
  m_PrefabInstance: {fileID: 0}
  m_PrefabAsset: {fileID: 0}
  m_GameObject: {fileID: 3898923826320811131}
  m_Enabled: 1
  m_EditorHideFlags: 0
  m_Script: {fileID: 11500000, guid: 19c4486f2abdb574e8051ecbc6802f17, type: 3}
  m_Name: 
  m_EditorClassIdentifier: 
  NarratorAudioClip: {fileID: 8300000, guid: 5897aeed9b676024fbb8c694b421a861, type: 3}
  MatchingTag: Moon
  PlacedClip: {fileID: 8300000, guid: e7c8025291a71854693b119a43ecd177, type: 3}
  OnPickablePlaced:
    m_PersistentCalls:
      m_Calls: []
--- !u!135 &1885331856818527172
SphereCollider:
  m_ObjectHideFlags: 0
  m_CorrespondingSourceObject: {fileID: 0}
  m_PrefabInstance: {fileID: 0}
  m_PrefabAsset: {fileID: 0}
  m_GameObject: {fileID: 4003766455949459354}
  m_Material: {fileID: 0}
  m_IsTrigger: 1
  m_Enabled: 1
  serializedVersion: 2
  m_Radius: 0.00008
  m_Center: {x: 0, y: -1.4901161e-13, z: 0.0000024999997}
--- !u!114 &1885331856818527171
MonoBehaviour:
  m_ObjectHideFlags: 0
  m_CorrespondingSourceObject: {fileID: 0}
  m_PrefabInstance: {fileID: 0}
  m_PrefabAsset: {fileID: 0}
  m_GameObject: {fileID: 4003766455949459354}
  m_Enabled: 1
  m_EditorHideFlags: 0
  m_Script: {fileID: 11500000, guid: 19c4486f2abdb574e8051ecbc6802f17, type: 3}
  m_Name: 
  m_EditorClassIdentifier: 
  NarratorAudioClip: {fileID: 8300000, guid: 5897aeed9b676024fbb8c694b421a861, type: 3}
  MatchingTag: Sun
  PlacedClip: {fileID: 8300000, guid: e7c8025291a71854693b119a43ecd177, type: 3}
  OnPickablePlaced:
    m_PersistentCalls:
      m_Calls: []
--- !u!135 &2143127373
SphereCollider:
  m_ObjectHideFlags: 0
  m_CorrespondingSourceObject: {fileID: 0}
  m_PrefabInstance: {fileID: 0}
  m_PrefabAsset: {fileID: 0}
  m_GameObject: {fileID: 4549757079370927298}
  m_Material: {fileID: 0}
  m_IsTrigger: 1
  m_Enabled: 1
  serializedVersion: 2
  m_Radius: 0.15
  m_Center: {x: -0.010331023, y: -0.0031221265, z: 0.0145644955}
--- !u!135 &1885331856818527174
SphereCollider:
  m_ObjectHideFlags: 0
  m_CorrespondingSourceObject: {fileID: 0}
  m_PrefabInstance: {fileID: 0}
  m_PrefabAsset: {fileID: 0}
  m_GameObject: {fileID: 5301876979205371401}
  m_Material: {fileID: 0}
  m_IsTrigger: 1
  m_Enabled: 1
  serializedVersion: 2
  m_Radius: 0.00008
  m_Center: {x: -4.5474732e-13, y: -1.4901161e-13, z: 0.0000024999997}
--- !u!114 &1885331856818527173
MonoBehaviour:
  m_ObjectHideFlags: 0
  m_CorrespondingSourceObject: {fileID: 0}
  m_PrefabInstance: {fileID: 0}
  m_PrefabAsset: {fileID: 0}
  m_GameObject: {fileID: 5301876979205371401}
  m_Enabled: 1
  m_EditorHideFlags: 0
  m_Script: {fileID: 11500000, guid: 19c4486f2abdb574e8051ecbc6802f17, type: 3}
  m_Name: 
  m_EditorClassIdentifier: 
  NarratorAudioClip: {fileID: 8300000, guid: 5897aeed9b676024fbb8c694b421a861, type: 3}
  MatchingTag: Star
  PlacedClip: {fileID: 8300000, guid: e7c8025291a71854693b119a43ecd177, type: 3}
  OnPickablePlaced:
    m_PersistentCalls:
      m_Calls: []
--- !u!95 &1794415895
Animator:
  serializedVersion: 3
  m_ObjectHideFlags: 0
  m_CorrespondingSourceObject: {fileID: 0}
  m_PrefabInstance: {fileID: 0}
  m_PrefabAsset: {fileID: 0}
  m_GameObject: {fileID: 6293697407024508201}
  m_Enabled: 1
  m_Avatar: {fileID: 0}
  m_Controller: {fileID: 9100000, guid: f466181ff3fe9ee4abf31bfe5ea740ff, type: 2}
  m_CullingMode: 0
  m_UpdateMode: 0
  m_ApplyRootMotion: 0
  m_LinearVelocityBlending: 0
  m_WarningMessage: 
  m_HasTransformHierarchy: 1
  m_AllowConstantClipSamplingOptimization: 1
  m_KeepAnimatorControllerStateOnDisable: 0
--- !u!1001 &1730340540903683153
PrefabInstance:
  m_ObjectHideFlags: 0
  serializedVersion: 2
  m_Modification:
    m_TransformParent: {fileID: 414072815108022095}
    m_Modifications:
    - target: {fileID: 3321586273104023594, guid: 5c9153f2642e0ba40bd5734a95aa8f8e,
        type: 3}
      propertyPath: m_Name
      value: PuzzleMoon
      objectReference: {fileID: 0}
    - target: {fileID: 2093340785562004950, guid: 5c9153f2642e0ba40bd5734a95aa8f8e,
        type: 3}
      propertyPath: m_LocalPosition.x
      value: 6.046
      objectReference: {fileID: 0}
    - target: {fileID: 2093340785562004950, guid: 5c9153f2642e0ba40bd5734a95aa8f8e,
        type: 3}
      propertyPath: m_LocalPosition.y
      value: 0.66
      objectReference: {fileID: 0}
    - target: {fileID: 2093340785562004950, guid: 5c9153f2642e0ba40bd5734a95aa8f8e,
        type: 3}
      propertyPath: m_LocalPosition.z
      value: -3.761
      objectReference: {fileID: 0}
    - target: {fileID: 2093340785562004950, guid: 5c9153f2642e0ba40bd5734a95aa8f8e,
        type: 3}
      propertyPath: m_LocalRotation.x
      value: -0.7071068
      objectReference: {fileID: 0}
    - target: {fileID: 2093340785562004950, guid: 5c9153f2642e0ba40bd5734a95aa8f8e,
        type: 3}
      propertyPath: m_LocalRotation.y
      value: 0
      objectReference: {fileID: 0}
    - target: {fileID: 2093340785562004950, guid: 5c9153f2642e0ba40bd5734a95aa8f8e,
        type: 3}
      propertyPath: m_LocalRotation.z
      value: 0
      objectReference: {fileID: 0}
    - target: {fileID: 2093340785562004950, guid: 5c9153f2642e0ba40bd5734a95aa8f8e,
        type: 3}
      propertyPath: m_LocalRotation.w
      value: 0.7071068
      objectReference: {fileID: 0}
    - target: {fileID: 2093340785562004950, guid: 5c9153f2642e0ba40bd5734a95aa8f8e,
        type: 3}
      propertyPath: m_RootOrder
      value: 3
      objectReference: {fileID: 0}
    - target: {fileID: 2093340785562004950, guid: 5c9153f2642e0ba40bd5734a95aa8f8e,
        type: 3}
      propertyPath: m_LocalEulerAnglesHint.x
      value: -90
      objectReference: {fileID: 0}
    - target: {fileID: 2093340785562004950, guid: 5c9153f2642e0ba40bd5734a95aa8f8e,
        type: 3}
      propertyPath: m_LocalEulerAnglesHint.y
      value: 0
      objectReference: {fileID: 0}
    - target: {fileID: 2093340785562004950, guid: 5c9153f2642e0ba40bd5734a95aa8f8e,
        type: 3}
      propertyPath: m_LocalEulerAnglesHint.z
      value: 0
      objectReference: {fileID: 0}
    - target: {fileID: 2093340785562004950, guid: 5c9153f2642e0ba40bd5734a95aa8f8e,
        type: 3}
      propertyPath: m_LocalScale.x
      value: 10000
      objectReference: {fileID: 0}
    - target: {fileID: 2093340785562004950, guid: 5c9153f2642e0ba40bd5734a95aa8f8e,
        type: 3}
      propertyPath: m_LocalScale.z
      value: 10000
      objectReference: {fileID: 0}
    m_RemovedComponents: []
  m_SourcePrefab: {fileID: 100100000, guid: 5c9153f2642e0ba40bd5734a95aa8f8e, type: 3}
--- !u!1 &3898923826320811131 stripped
GameObject:
  m_CorrespondingSourceObject: {fileID: 3321586273104023594, guid: 5c9153f2642e0ba40bd5734a95aa8f8e,
    type: 3}
  m_PrefabInstance: {fileID: 1730340540903683153}
  m_PrefabAsset: {fileID: 0}
--- !u!4 &364349392670939527 stripped
Transform:
  m_CorrespondingSourceObject: {fileID: 2093340785562004950, guid: 5c9153f2642e0ba40bd5734a95aa8f8e,
    type: 3}
  m_PrefabInstance: {fileID: 1730340540903683153}
  m_PrefabAsset: {fileID: 0}
--- !u!1001 &1885331857044200693
PrefabInstance:
  m_ObjectHideFlags: 0
  serializedVersion: 2
  m_Modification:
    m_TransformParent: {fileID: 414072815108022095}
    m_Modifications:
    - target: {fileID: 2668928826408554551, guid: 6ca5a244a96d6be4a9b42c36ea2896bb,
        type: 3}
      propertyPath: m_Name
      value: pouch
      objectReference: {fileID: 0}
    - target: {fileID: 1392361569475043876, guid: 6ca5a244a96d6be4a9b42c36ea2896bb,
        type: 3}
      propertyPath: m_LocalPosition.x
      value: -2.087
      objectReference: {fileID: 0}
    - target: {fileID: 1392361569475043876, guid: 6ca5a244a96d6be4a9b42c36ea2896bb,
        type: 3}
      propertyPath: m_LocalPosition.y
      value: 1.2
      objectReference: {fileID: 0}
    - target: {fileID: 1392361569475043876, guid: 6ca5a244a96d6be4a9b42c36ea2896bb,
        type: 3}
      propertyPath: m_LocalPosition.z
      value: -3.119999
      objectReference: {fileID: 0}
    - target: {fileID: 1392361569475043876, guid: 6ca5a244a96d6be4a9b42c36ea2896bb,
        type: 3}
      propertyPath: m_LocalRotation.x
      value: -0.7071068
      objectReference: {fileID: 0}
    - target: {fileID: 1392361569475043876, guid: 6ca5a244a96d6be4a9b42c36ea2896bb,
        type: 3}
      propertyPath: m_LocalRotation.y
      value: -0
      objectReference: {fileID: 0}
    - target: {fileID: 1392361569475043876, guid: 6ca5a244a96d6be4a9b42c36ea2896bb,
        type: 3}
      propertyPath: m_LocalRotation.z
      value: -0
      objectReference: {fileID: 0}
    - target: {fileID: 1392361569475043876, guid: 6ca5a244a96d6be4a9b42c36ea2896bb,
        type: 3}
      propertyPath: m_LocalRotation.w
      value: 0.7071068
      objectReference: {fileID: 0}
    - target: {fileID: 1392361569475043876, guid: 6ca5a244a96d6be4a9b42c36ea2896bb,
        type: 3}
      propertyPath: m_RootOrder
      value: 7
      objectReference: {fileID: 0}
    - target: {fileID: 1392361569475043876, guid: 6ca5a244a96d6be4a9b42c36ea2896bb,
        type: 3}
      propertyPath: m_LocalEulerAnglesHint.x
      value: -90
      objectReference: {fileID: 0}
    - target: {fileID: 1392361569475043876, guid: 6ca5a244a96d6be4a9b42c36ea2896bb,
        type: 3}
      propertyPath: m_LocalEulerAnglesHint.y
      value: 0
      objectReference: {fileID: 0}
    - target: {fileID: 1392361569475043876, guid: 6ca5a244a96d6be4a9b42c36ea2896bb,
        type: 3}
      propertyPath: m_LocalEulerAnglesHint.z
      value: 0
      objectReference: {fileID: 0}
    m_RemovedComponents: []
  m_SourcePrefab: {fileID: 100100000, guid: 6ca5a244a96d6be4a9b42c36ea2896bb, type: 3}
--- !u!1 &4549757079370927298 stripped
GameObject:
  m_CorrespondingSourceObject: {fileID: 2668928826408554551, guid: 6ca5a244a96d6be4a9b42c36ea2896bb,
    type: 3}
  m_PrefabInstance: {fileID: 1885331857044200693}
  m_PrefabAsset: {fileID: 0}
--- !u!4 &682473660617850577 stripped
Transform:
  m_CorrespondingSourceObject: {fileID: 1392361569475043876, guid: 6ca5a244a96d6be4a9b42c36ea2896bb,
    type: 3}
  m_PrefabInstance: {fileID: 1885331857044200693}
  m_PrefabAsset: {fileID: 0}
--- !u!1001 &1885331857062802388
PrefabInstance:
  m_ObjectHideFlags: 0
  serializedVersion: 2
  m_Modification:
    m_TransformParent: {fileID: 414072815108022095}
    m_Modifications:
    - target: {fileID: 3347546238023927973, guid: 2c25aa3ef8bdf0144a097af0f1fe7a51,
        type: 3}
      propertyPath: m_Name
      value: PuzzleDoor
      objectReference: {fileID: 0}
    - target: {fileID: 1742759231809551030, guid: 2c25aa3ef8bdf0144a097af0f1fe7a51,
        type: 3}
      propertyPath: m_LocalPosition.x
      value: 8
      objectReference: {fileID: 0}
    - target: {fileID: 1742759231809551030, guid: 2c25aa3ef8bdf0144a097af0f1fe7a51,
        type: 3}
      propertyPath: m_LocalPosition.y
      value: 0
      objectReference: {fileID: 0}
    - target: {fileID: 1742759231809551030, guid: 2c25aa3ef8bdf0144a097af0f1fe7a51,
        type: 3}
      propertyPath: m_LocalPosition.z
      value: 2.4099998
      objectReference: {fileID: 0}
    - target: {fileID: 1742759231809551030, guid: 2c25aa3ef8bdf0144a097af0f1fe7a51,
        type: 3}
      propertyPath: m_LocalRotation.x
      value: -0
      objectReference: {fileID: 0}
    - target: {fileID: 1742759231809551030, guid: 2c25aa3ef8bdf0144a097af0f1fe7a51,
        type: 3}
      propertyPath: m_LocalRotation.y
      value: -0.7071068
      objectReference: {fileID: 0}
    - target: {fileID: 1742759231809551030, guid: 2c25aa3ef8bdf0144a097af0f1fe7a51,
        type: 3}
      propertyPath: m_LocalRotation.z
      value: -0
      objectReference: {fileID: 0}
    - target: {fileID: 1742759231809551030, guid: 2c25aa3ef8bdf0144a097af0f1fe7a51,
        type: 3}
      propertyPath: m_LocalRotation.w
      value: 0.7071068
      objectReference: {fileID: 0}
    - target: {fileID: 1742759231809551030, guid: 2c25aa3ef8bdf0144a097af0f1fe7a51,
        type: 3}
      propertyPath: m_RootOrder
      value: 6
      objectReference: {fileID: 0}
    - target: {fileID: 1742759231809551030, guid: 2c25aa3ef8bdf0144a097af0f1fe7a51,
        type: 3}
      propertyPath: m_LocalEulerAnglesHint.x
      value: 0
      objectReference: {fileID: 0}
    - target: {fileID: 1742759231809551030, guid: 2c25aa3ef8bdf0144a097af0f1fe7a51,
        type: 3}
      propertyPath: m_LocalEulerAnglesHint.y
      value: -90
      objectReference: {fileID: 0}
    - target: {fileID: 1742759231809551030, guid: 2c25aa3ef8bdf0144a097af0f1fe7a51,
        type: 3}
      propertyPath: m_LocalEulerAnglesHint.z
      value: 0
      objectReference: {fileID: 0}
    - target: {fileID: 2123491442, guid: 2c25aa3ef8bdf0144a097af0f1fe7a51, type: 3}
      propertyPath: m_Radius
      value: 2
      objectReference: {fileID: 0}
    m_RemovedComponents: []
  m_SourcePrefab: {fileID: 100100000, guid: 2c25aa3ef8bdf0144a097af0f1fe7a51, type: 3}
--- !u!4 &145677716153092450 stripped
Transform:
  m_CorrespondingSourceObject: {fileID: 1742759231809551030, guid: 2c25aa3ef8bdf0144a097af0f1fe7a51,
    type: 3}
  m_PrefabInstance: {fileID: 1885331857062802388}
  m_PrefabAsset: {fileID: 0}
--- !u!1 &6293697407024508201 stripped
GameObject:
  m_CorrespondingSourceObject: {fileID: 5583829291437301501, guid: 2c25aa3ef8bdf0144a097af0f1fe7a51,
    type: 3}
  m_PrefabInstance: {fileID: 1885331857062802388}
  m_PrefabAsset: {fileID: 0}
--- !u!1 &563972870304949184 stripped
GameObject:
  m_CorrespondingSourceObject: {fileID: 2159943329378160660, guid: 2c25aa3ef8bdf0144a097af0f1fe7a51,
    type: 3}
  m_PrefabInstance: {fileID: 1885331857062802388}
  m_PrefabAsset: {fileID: 0}
--- !u!1001 &2167949682050806433
PrefabInstance:
  m_ObjectHideFlags: 0
  serializedVersion: 2
  m_Modification:
    m_TransformParent: {fileID: 414072815108022095}
    m_Modifications:
    - target: {fileID: 6305628517075010728, guid: 17c10aea3fdb02e49a730d12ac91cd4f,
        type: 3}
      propertyPath: m_Name
      value: PuzzleStar
      objectReference: {fileID: 0}
    - target: {fileID: 333334449981818638, guid: 17c10aea3fdb02e49a730d12ac91cd4f,
        type: 3}
      propertyPath: m_LocalPosition.x
      value: 6.734
      objectReference: {fileID: 0}
    - target: {fileID: 333334449981818638, guid: 17c10aea3fdb02e49a730d12ac91cd4f,
        type: 3}
      propertyPath: m_LocalPosition.y
      value: 0.653
      objectReference: {fileID: 0}
    - target: {fileID: 333334449981818638, guid: 17c10aea3fdb02e49a730d12ac91cd4f,
        type: 3}
      propertyPath: m_LocalPosition.z
      value: -0.988
      objectReference: {fileID: 0}
    - target: {fileID: 333334449981818638, guid: 17c10aea3fdb02e49a730d12ac91cd4f,
        type: 3}
      propertyPath: m_LocalRotation.x
      value: -0.7071068
      objectReference: {fileID: 0}
    - target: {fileID: 333334449981818638, guid: 17c10aea3fdb02e49a730d12ac91cd4f,
        type: 3}
      propertyPath: m_LocalRotation.y
      value: 0
      objectReference: {fileID: 0}
    - target: {fileID: 333334449981818638, guid: 17c10aea3fdb02e49a730d12ac91cd4f,
        type: 3}
      propertyPath: m_LocalRotation.z
      value: 0
      objectReference: {fileID: 0}
    - target: {fileID: 333334449981818638, guid: 17c10aea3fdb02e49a730d12ac91cd4f,
        type: 3}
      propertyPath: m_LocalRotation.w
      value: 0.7071068
      objectReference: {fileID: 0}
    - target: {fileID: 333334449981818638, guid: 17c10aea3fdb02e49a730d12ac91cd4f,
        type: 3}
      propertyPath: m_RootOrder
      value: 4
      objectReference: {fileID: 0}
    - target: {fileID: 333334449981818638, guid: 17c10aea3fdb02e49a730d12ac91cd4f,
        type: 3}
      propertyPath: m_LocalEulerAnglesHint.x
      value: -90
      objectReference: {fileID: 0}
    - target: {fileID: 333334449981818638, guid: 17c10aea3fdb02e49a730d12ac91cd4f,
        type: 3}
      propertyPath: m_LocalEulerAnglesHint.y
      value: 0
      objectReference: {fileID: 0}
    - target: {fileID: 333334449981818638, guid: 17c10aea3fdb02e49a730d12ac91cd4f,
        type: 3}
      propertyPath: m_LocalEulerAnglesHint.z
      value: 0
      objectReference: {fileID: 0}
    - target: {fileID: 333334449981818638, guid: 17c10aea3fdb02e49a730d12ac91cd4f,
        type: 3}
      propertyPath: m_LocalScale.x
      value: 10000
      objectReference: {fileID: 0}
    - target: {fileID: 333334449981818638, guid: 17c10aea3fdb02e49a730d12ac91cd4f,
        type: 3}
      propertyPath: m_LocalScale.z
      value: 10000
      objectReference: {fileID: 0}
    m_RemovedComponents: []
  m_SourcePrefab: {fileID: 100100000, guid: 17c10aea3fdb02e49a730d12ac91cd4f, type: 3}
--- !u!1 &5301876979205371401 stripped
GameObject:
  m_CorrespondingSourceObject: {fileID: 6305628517075010728, guid: 17c10aea3fdb02e49a730d12ac91cd4f,
    type: 3}
  m_PrefabInstance: {fileID: 2167949682050806433}
  m_PrefabAsset: {fileID: 0}
--- !u!4 &1924769138570311087 stripped
Transform:
  m_CorrespondingSourceObject: {fileID: 333334449981818638, guid: 17c10aea3fdb02e49a730d12ac91cd4f,
    type: 3}
  m_PrefabInstance: {fileID: 2167949682050806433}
  m_PrefabAsset: {fileID: 0}
--- !u!1001 &7076032505012177401
PrefabInstance:
  m_ObjectHideFlags: 0
  serializedVersion: 2
  m_Modification:
    m_TransformParent: {fileID: 414072815108022095}
    m_Modifications:
    - target: {fileID: 6170813788827399779, guid: 0f54d1392b083964fa0a16662110664b,
        type: 3}
      propertyPath: m_Name
      value: PuzzleSun
      objectReference: {fileID: 0}
    - target: {fileID: 5644946559114095194, guid: 0f54d1392b083964fa0a16662110664b,
        type: 3}
      propertyPath: m_LocalPosition.x
      value: 6.028
      objectReference: {fileID: 0}
    - target: {fileID: 5644946559114095194, guid: 0f54d1392b083964fa0a16662110664b,
        type: 3}
      propertyPath: m_LocalPosition.y
      value: 0.66
      objectReference: {fileID: 0}
    - target: {fileID: 5644946559114095194, guid: 0f54d1392b083964fa0a16662110664b,
        type: 3}
      propertyPath: m_LocalPosition.z
      value: -2.434
      objectReference: {fileID: 0}
    - target: {fileID: 5644946559114095194, guid: 0f54d1392b083964fa0a16662110664b,
        type: 3}
      propertyPath: m_LocalRotation.x
      value: -0.7071068
      objectReference: {fileID: 0}
    - target: {fileID: 5644946559114095194, guid: 0f54d1392b083964fa0a16662110664b,
        type: 3}
      propertyPath: m_LocalRotation.y
      value: 0
      objectReference: {fileID: 0}
    - target: {fileID: 5644946559114095194, guid: 0f54d1392b083964fa0a16662110664b,
        type: 3}
      propertyPath: m_LocalRotation.z
      value: 0
      objectReference: {fileID: 0}
    - target: {fileID: 5644946559114095194, guid: 0f54d1392b083964fa0a16662110664b,
        type: 3}
      propertyPath: m_LocalRotation.w
      value: 0.7071068
      objectReference: {fileID: 0}
    - target: {fileID: 5644946559114095194, guid: 0f54d1392b083964fa0a16662110664b,
        type: 3}
      propertyPath: m_RootOrder
      value: 5
      objectReference: {fileID: 0}
    - target: {fileID: 5644946559114095194, guid: 0f54d1392b083964fa0a16662110664b,
        type: 3}
      propertyPath: m_LocalEulerAnglesHint.x
      value: -90
      objectReference: {fileID: 0}
    - target: {fileID: 5644946559114095194, guid: 0f54d1392b083964fa0a16662110664b,
        type: 3}
      propertyPath: m_LocalEulerAnglesHint.y
      value: 0
      objectReference: {fileID: 0}
    - target: {fileID: 5644946559114095194, guid: 0f54d1392b083964fa0a16662110664b,
        type: 3}
      propertyPath: m_LocalEulerAnglesHint.z
      value: 0
      objectReference: {fileID: 0}
    - target: {fileID: 5644946559114095194, guid: 0f54d1392b083964fa0a16662110664b,
        type: 3}
      propertyPath: m_LocalScale.x
      value: 10000
      objectReference: {fileID: 0}
    - target: {fileID: 5644946559114095194, guid: 0f54d1392b083964fa0a16662110664b,
        type: 3}
      propertyPath: m_LocalScale.z
      value: 10000
      objectReference: {fileID: 0}
    m_RemovedComponents: []
  m_SourcePrefab: {fileID: 100100000, guid: 0f54d1392b083964fa0a16662110664b, type: 3}
--- !u!1 &4003766455949459354 stripped
GameObject:
  m_CorrespondingSourceObject: {fileID: 6170813788827399779, guid: 0f54d1392b083964fa0a16662110664b,
    type: 3}
  m_PrefabInstance: {fileID: 7076032505012177401}
  m_PrefabAsset: {fileID: 0}
--- !u!4 &3199243410222441379 stripped
Transform:
  m_CorrespondingSourceObject: {fileID: 5644946559114095194, guid: 0f54d1392b083964fa0a16662110664b,
    type: 3}
  m_PrefabInstance: {fileID: 7076032505012177401}
  m_PrefabAsset: {fileID: 0}
--- !u!1001 &8004314639223672595
PrefabInstance:
  m_ObjectHideFlags: 0
  serializedVersion: 2
  m_Modification:
    m_TransformParent: {fileID: 414072815108022095}
    m_Modifications:
    - target: {fileID: 8448474264769638906, guid: 34f57ce935ca9e0478e372cbab41507e,
        type: 3}
      propertyPath: m_Name
      value: Note 1
      objectReference: {fileID: 0}
    - target: {fileID: 8448474264769638896, guid: 34f57ce935ca9e0478e372cbab41507e,
        type: 3}
      propertyPath: m_LocalPosition.x
      value: 0.077
      objectReference: {fileID: 0}
    - target: {fileID: 8448474264769638896, guid: 34f57ce935ca9e0478e372cbab41507e,
        type: 3}
      propertyPath: m_LocalPosition.y
      value: 1.22
      objectReference: {fileID: 0}
    - target: {fileID: 8448474264769638896, guid: 34f57ce935ca9e0478e372cbab41507e,
        type: 3}
      propertyPath: m_LocalPosition.z
      value: -3.026
      objectReference: {fileID: 0}
    - target: {fileID: 8448474264769638896, guid: 34f57ce935ca9e0478e372cbab41507e,
        type: 3}
      propertyPath: m_LocalRotation.x
      value: 0.26739758
      objectReference: {fileID: 0}
    - target: {fileID: 8448474264769638896, guid: 34f57ce935ca9e0478e372cbab41507e,
        type: 3}
      propertyPath: m_LocalRotation.y
      value: -0.6404137
      objectReference: {fileID: 0}
    - target: {fileID: 8448474264769638896, guid: 34f57ce935ca9e0478e372cbab41507e,
        type: 3}
      propertyPath: m_LocalRotation.z
      value: 0.66413915
      objectReference: {fileID: 0}
    - target: {fileID: 8448474264769638896, guid: 34f57ce935ca9e0478e372cbab41507e,
        type: 3}
      propertyPath: m_LocalRotation.w
      value: 0.2780075
      objectReference: {fileID: 0}
    - target: {fileID: 8448474264769638896, guid: 34f57ce935ca9e0478e372cbab41507e,
        type: 3}
      propertyPath: m_RootOrder
      value: 0
      objectReference: {fileID: 0}
    - target: {fileID: 8448474264769638896, guid: 34f57ce935ca9e0478e372cbab41507e,
        type: 3}
      propertyPath: m_LocalEulerAnglesHint.x
      value: 92.10599
      objectReference: {fileID: 0}
    - target: {fileID: 8448474264769638896, guid: 34f57ce935ca9e0478e372cbab41507e,
        type: 3}
      propertyPath: m_LocalEulerAnglesHint.y
      value: -181.405
      objectReference: {fileID: 0}
    - target: {fileID: 8448474264769638896, guid: 34f57ce935ca9e0478e372cbab41507e,
        type: 3}
      propertyPath: m_LocalEulerAnglesHint.z
      value: -46.78299
      objectReference: {fileID: 0}
    m_RemovedComponents: []
  m_SourcePrefab: {fileID: 100100000, guid: 34f57ce935ca9e0478e372cbab41507e, type: 3}
--- !u!4 &1885331855872196323 stripped
Transform:
  m_CorrespondingSourceObject: {fileID: 8448474264769638896, guid: 34f57ce935ca9e0478e372cbab41507e,
    type: 3}
  m_PrefabInstance: {fileID: 8004314639223672595}
  m_PrefabAsset: {fileID: 0}
